<?xml version="1.0" encoding="UTF-8"?><collection xmlns="http://www.loc.gov/MARC21/slim"><record><leader>00550nam--2200181-i-4500</leader><controlfield tag="001">000019905</controlfield><controlfield tag="002">20161230</controlfield><controlfield tag="005">20161230201033</controlfield><controlfield tag="008">060222s1000------------r-----000-0-fre-d</controlfield><datafield ind1=" " ind2=" " tag="040"><subfield code="a">IFIN-HH</subfield></datafield><datafield ind1=" " ind2=" " tag="041"><subfield code="a">fre</subfield></datafield><datafield ind1=" " ind2=" " tag="080"><subfield code="a">539.172.12(043)</subfield></datafield><datafield ind1="1" ind2=" " tag="100"><subfield code="a">El Maddarsi, Mohamed</subfield></datafield><datafield ind1="1" ind2="0" tag="245"><subfield code="a">Etude de la section efficace differentielle de diffusion elastique d un faisceau de protons par une cible de cesium</subfield><subfield code="b">These</subfield><subfield code="c">Mohamed el maddasi</subfield></datafield><datafield ind1=" " ind2=" " tag="260"><subfield code="a">Paris</subfield><subfield code="b">Universite</subfield><subfield code="c">1978</subfield></datafield><datafield ind1=" " ind2=" " tag="300"><subfield code="a">60 P</subfield></datafield><datafield ind1=" " ind2=" " tag="852"><subfield code="a">48453</subfield><subfield code="c">539.17</subfield></datafield><datafield ind1=" " ind2=" " tag="CAT"><subfield code="a">Sys</subfield><subfield code="c">20120619</subfield><subfield code="h">103554</subfield></datafield></record></collection>